@article{Ollero2018,
  doi = {10.1109/mra.2018.2852789},
  url = {https://doi.org/10.1109/mra.2018.2852789},
  year = {2018},
  month = dec,
  publisher = {Institute of Electrical and Electronics Engineers ({IEEE})},
  volume = {25},
  number = {4},
  pages = {12--23},
  author = {Anibal Ollero and Guillermo Heredia and Antonio Franchi and Gianluca Antonelli and Konstantin Kondak and Alberto Sanfeliu and Antidio Viguria and J. Ramiro Martinez-de Dios and Francesco Pierri and Juan Cortes and Angel Santamaria-Navarro and Miguel Angel Trujillo Soto and Ribin Balachandran and Juan Andrade-Cetto and Angel Rodriguez},
  title = {The {AEROARMS} Project: Aerial Robots with Advanced Manipulation Capabilities for Inspection and Maintenance},
  journal = {{IEEE} Robotics {\&} Automation Magazine}
}

@Misc{video,
  author =   {Lovro Markovic and Antun Ivanovic and Marko Car and Matko Orsag and Stjepan Bogdan},
  title =    {Wind-Turbine Blade Inspection},
  howpublished = {\url{https://www.youtube.com/playlist?list=PLC0C6uwoEQ8a1pqgPeBR3N927XOjLm8XU}},
  month =    {September},
  day =      6,
  year =     2019
}


@article{Narendra1994,
	doi = {10.1109/9.362846},
	url = {https://doi.org/10.1109/9.362846},
	year = {1994},
	publisher = {Institute of Electrical and Electronics Engineers ({IEEE})},
	volume = {39},
	number = {12},
	pages = {2469--2471},
	author = {K.S. Narendra and J. Balakrishnan},
	title = {A common Lyapunov function for stable {LTI} systems with commuting A-matrices},
	journal = {{IEEE} Transactions on Automatic Control}
}

@inproceedings{Markovic2019,
	doi = {10.23919/ecc.2019.8795829},
	url = {https://doi.org/10.23919/ecc.2019.8795829},
	year = {2019},
	month = jun,
	publisher = {{IEEE}},
	author = {Lovro Markovic and Antun Ivanovic and Marko Car and Matko Orsag and Stjepan Bogdan},
	title = {Geometric Tracking Control of Aerial Robots Based on Centroid Vectoring},
	booktitle = {2019 18th European Control Conference ({ECC})}
}

@inproceedings{Mellinger2011,
	doi = {10.1109/icra.2011.5980409},
	url = {https://doi.org/10.1109/icra.2011.5980409},
	year = {2011},
	month = may,
	publisher = {{IEEE}},
	author = {Daniel Mellinger and Vijay Kumar},
	title = {Minimum snap trajectory generation and control for quadrotors},
	booktitle = {2011 {IEEE} International Conference on Robotics and Automation}
}

@Article{ref:lidar-equipped-model-building,
AUTHOR = {Roca, D. and Armesto, J. and Lag\"uela, S. and D\'{\i}az-Vilari\~no, L.},
TITLE = {Lidar-equipped uav for building information modelling},
JOURNAL = {ISPRS - International Archives of the Photogrammetry, Remote Sensing and Spatial Information Sciences},
VOLUME = {XL-5},
YEAR = {2014},
PAGES = {523--527},
URL = {https://www.int-arch-photogramm-remote-sens-spatial-inf-sci.net/XL-5/523/2014/},
DOI = {10.5194/isprsarchives-XL-5-523-2014}
}

@inproceedings{ref:wall-following-collision-avoidance,
	doi = {10.1109/icca.2018.8444284},
	url = {https://doi.org/10.1109/icca.2018.8444284},
	year = {2018},
	month = jun,
	publisher = {{IEEE}},
	author = {Han Wang and Muqing Cao and Hao Jiang and Lihua Xie},
	title = {Feasible Computationally Efficient Path Planning for {UAV} Collision Avoidance},
	booktitle = {2018 {IEEE} 14th International Conference on Control and Automation ({ICCA})}
}

@article{ref:inspection-overview,
	doi = {10.3390/s150714887},
	url = {https://doi.org/10.3390/s150714887},
	year = {2015},
	month = jun,
	publisher = {{MDPI} {AG}},
	volume = {15},
	number = {7},
	pages = {14887--14916},
	author = {Kopp{\'{a}}ny M{\'{a}}th{\'{e}} and Lucian Bu{\c{s}}oniu},
	title = {Vision and Control for {UAVs}: A Survey of General Methods and of Inexpensive Platforms for Infrastructure Inspection},
	journal = {Sensors}
}

@article{ref:lidar-inspection-infrastructure,
	author    = {Christoforos Kanellakis and
	Emil Fresk and
	Sina Sharif Mansouri and
	Dariusz Kominiak and
	George Nikolakopoulos},
	title     = {Autonomous visual inspection of large-scale infrastructures using
	aerial robots},
	journal   = {CoRR},
	volume    = {abs/1901.05510},
	year      = {2019},
	url       = {http://arxiv.org/abs/1901.05510},
	archivePrefix = {arXiv},
	eprint    = {1901.05510},
	timestamp = {Fri, 01 Feb 2019 13:39:59 +0100},
	biburl    = {https://dblp.org/rec/bib/journals/corr/abs-1901-05510},
	bibsource = {dblp computer science bibliography, https://dblp.org}
}

@misc{MORUSweb,
	title = {MORUS project},
	howpublished = {\url{http://www.fer.unizg.hr/morus}},
	note = {Accessed: 2017-09-08}
}

@misc{AEROTWINweb,
	title = {AeRoTwin project},
	howpublished = {\url{https://aerotwin.fer.hr/}},
	note = {Accessed: 2019-09-10}
}

@misc{ENCOREweb,
	title = {ENCORE project},
	howpublished = {\url{http://encorebim.eu/}},
	note = {Accessed: 2019-09-10}
}

@inproceedings{ref:visual-navigation-wind-turbine,
	doi = {10.1109/icuas.2015.7152389},
	url = {https://doi.org/10.1109/icuas.2015.7152389},
	year = {2015},
	month = jun,
	publisher = {{IEEE}},
	author = {Martin Stokkeland and Kristian Klausen and Tor A. Johansen},
	title = {Autonomous visual navigation of Unmanned Aerial Vehicle for wind turbine inspection},
	booktitle = {2015 International Conference on Unmanned Aircraft Systems ({ICUAS})}
}

@article{ref:localisation-model-fitting,
	author    = {Oliver Moolan{-}Feroze and
	Konstantinos Karachalios and
	Dimitrios N. Nikolaidis and
	Andrew Calway},
	title     = {Simultaneous drone localisation and wind turbine model fitting during
	autonomous surface inspection},
	journal   = {CoRR},
	volume    = {abs/1904.04523},
	year      = {2019},
	url       = {http://arxiv.org/abs/1904.04523},
	archivePrefix = {arXiv},
	eprint    = {1904.04523},
	timestamp = {Thu, 25 Apr 2019 13:55:01 +0200},
	biburl    = {https://dblp.org/rec/bib/journals/corr/abs-1904-04523},
	bibsource = {dblp computer science bibliography, https://dblp.org}
}

@inproceedings{ref:surface-estimation2,
	title={Road Surface Detection From Mobile LiDAR Data},
	author={Manohar S Yadav and Bharat Lohani and Ashutosh Kumar Singh},
	year={2018}
}

@inproceedings{ref:surface-estimation3,
	doi = {10.1109/mmar.2017.8046916},
	url = {https://doi.org/10.1109/mmar.2017.8046916},
	year = {2017},
	month = aug,
	publisher = {{IEEE}},
	author = {Karol Miadlicki and Miroslaw Pajor and Mateusz Sakow},
	title = {Ground plane estimation from sparse {LIDAR} data for loader crane sensor fusion system},
	booktitle = {2017 22nd International Conference on Methods and Models in Automation and Robotics ({MMAR})}
}

@article{ref:sar,
	doi = {10.3390/s16111778},
	url = {https://doi.org/10.3390/s16111778},
	year = {2016},
	month = oct,
	publisher = {{MDPI} {AG}},
	volume = {16},
	number = {11},
	pages = {1778},
	author = {Jingxuan Sun and Boyang Li and Yifan Jiang and Chih-yung Wen},
	title = {A Camera-Based Target Detection and Positioning {UAV} System for Search and Rescue ({SAR}) Purposes},
	journal = {Sensors}
}

@inproceedings{ref:wall-tracking,
	doi = {10.2514/6.2015-0989},
	url = {https://doi.org/10.2514/6.2015-0989},
	year = {2015},
	month = jan,
	publisher = {American Institute of Aeronautics and Astronautics},
	author = {Alireza Nemati and Mohammad Sarim and Mehdi Hashemi and Manish Kumar},
	title = {Autonomous Wall-Following Based Navigation of Unmanned Aerial Vehicles in Indoor Environments},
	booktitle = {{AIAA} Infotech @ Aerospace}
}

@article{ref:corosion-inspection,
	doi = {10.3390/drones2010008},
	url = {https://doi.org/10.3390/drones2010008},
	year = {2018},
	month = feb,
	publisher = {{MDPI} {AG}},
	volume = {2},
	number = {1},
	pages = {8},
	author = {Rami A. Mattar and Remy Kalai},
	title = {Development of a Wall-Sticking Drone for Non-Destructive Ultrasonic and Corrosion Testing},
	journal = {Drones}
}

@book{ref:Kalman-book,
	author = {Chui, C. K. and Chen, G.},
	title = {Kalman Filtering with Real-time Applications},
	year = {1987},
	isbn = {0-387-18385-7},
	publisher = {Springer-Verlag},
	address = {Berlin, Heidelberg},
}

@INPROCEEDINGS{manipulator3,
	author={H. Yang and D. Lee},
	booktitle={2014 IEEE International Conference on Robotics and Automation (ICRA)},
	title={Dynamics and control of quadrotor with robotic manipulator},
	year={2014},
	volume={},
	number={},
	pages={5544-5549},
	keywords={aerospace control;helicopters;manipulators;robot dynamics;quadrotor control;robotic manipulator;quadrotor manipulator systems;Lagrange dynamics;center-of-mass dynamics;standard quadrotor dynamics;point mass dynamics;internal rotational dynamics;quadrotor rotation;manipulator configuration;center-of-mass control;internal rotational dynamics control;Manipulator dynamics;Vehicle dynamics;Gravity;Aerodynamics},
	doi={10.1109/ICRA.2014.6907674},
	ISSN={1050-4729},
	month={May},}

@misc{MORUSweb,
	title = {MORUS project},
	howpublished = {\url{http://www.fer.unizg.hr/morus}},
	note = {Accessed: 2017-09-08}
}

@misc{AEROTWINweb,
	title = {AeRoTwin project},
	howpublished = {\url{http://www.fer.unizg.hr/morus}},
	note = {Accessed: 2019-03-20}
}

@INPROCEEDINGS{manipulator2,
	author={C. Korpela and M. Orsag and M. Pekala and P. Oh},
	booktitle={2013 IEEE International Conference on Robotics and Automation},
	title={Dynamic stability of a mobile manipulating unmanned aerial vehicle},
	year={2013},
	volume={},
	number={},
	pages={4922-4927},
	keywords={autonomous aerial vehicles;end effectors;manipulator dynamics;mobile robots;stability;vehicle dynamics;mobile manipulating unmanned aerial vehicle;dynamic stability;control scheme;dual multidegree of freedom manipulators;arm movements;ground robots;humanoid robot;dynamically balancing vehicles;aerial robotics;flight stability;load mass;end-effectors},
	doi={10.1109/ICRA.2013.6631280},
	ISSN={1050-4729},
	month={May},}

@ARTICLE{manipulator1,
	author={M. Orsag and C. Korpela and S. Bogdan and P. Oh},
	journal={IEEE Transactions on Robotics},
	title={Dexterous Aerial Robots—Mobile Manipulation Using Unmanned Aerial Systems},
	year={2017},
	volume={33},
	number={6},
	pages={1453-1466},
	keywords={autonomous aerial vehicles;manipulators;mobile robots;motion control;nonlinear control systems;position control;stability;valves;unmanned aerial systems;benchmark aerial manipulation tasks;aerial vehicle;environmental coupling;general categories;momentary coupling;strong coupling;classical control structure;valve-turning tasks;nonlinear controllers;classical control approach;contact stability;benchmark results;system stability;aircraft-arm system;loose coupling;pick-and-place tasks;high-level controller;dexterous aerial robots;mobile manipulation;multidegree of freedom manipulators;motion tracking data;Manipulators;Unmanned aerial vehicles;Mathematical model;Benchmark testing;Position control;Target tracking;Aerial robots;dexterous manipulation;stability control},
	doi={10.1109/TRO.2017.2750693},
	ISSN={1552-3098},
	month={Dec},}


@Article{movingMass2,
	author="Haus, Tomislav
	and Orsag, Matko
	and Bogdan, Stjepan",
	title="Mathematical Modelling and Control of an Unmanned Aerial Vehicle with Moving Mass Control Concept",
	journal="Journal of Intelligent {\&} Robotic Systems",
	year="2017",
	month="Dec",
	day="01",
	volume="88",
	number="2",
	pages="219--246",
	issn="1573-0409",
	doi="10.1007/s10846-017-0545-2",
	url="https://doi.org/10.1007/s10846-017-0545-2"
}

@INPROCEEDINGS{movingMass3,
	author={T. Haus and N. Prkut and K. Borovina and B. Marić and M. Orsag and S. Bogdan},
	booktitle={2016 24th Mediterranean Conference on Control and Automation (MED)},
	title={A novel concept of attitude control for large multirotor-UAVs based on moving mass control},
	year={2016},
	volume={},
	number={},
	pages={832-839},
	keywords={attitude control;autonomous aerial vehicles;helicopters;mobile robots;robot dynamics;stability;telerobotics;three-term control;attitude control;multirotor-UAVs;moving mass control;quadrotor dynamics;rotor arm;PID based control;stability;Gazebo;Mathematical model;Unmanned aerial vehicles;Gravity;Attitude control;Robots},
	doi={10.1109/MED.2016.7536068},
	ISSN={},
	month={June},}

@inproceedings{Kotaru2019GeometricLA,
	title={Geometric L1 Adaptive Attitude Control for a Quadrotor UAV},
	author={Prasanth Kotaru and Ryan S. Edmonson and Koushil Sreenath},
	year={2019}
}

@inproceedings{Markovic2019,
	doi = {10.23919/ecc.2019.8795829},
	url = {https://doi.org/10.23919/ecc.2019.8795829},
	year = {2019},
	month = jun,
	publisher = {{IEEE}},
	author = {Lovro Markovic and Antun Ivanovic and Marko Car and Matko Orsag and Stjepan Bogdan},
	title = {Geometric Tracking Control of Aerial Robots Based on Centroid Vectoring},
	booktitle = {2019 18th European Control Conference ({ECC})}
}

@Article{Lee2019,
	author="Lee, Seongheon
	and Bang, Hyochoong",
	title="Automatic Gain Tuning Method of a Quad-Rotor Geometric Attitude Controller Using A3C",
	journal="International Journal of Aeronautical and Space Sciences",
	year="2019",
	month="Nov",
	day="23",
	abstract="In this paper, we address an automated gain tuning method using Asynchronous Advantage Actor-Critic (A3C) reinforcement learning approach. A quad-rotor Unmanned Aerial Vehicle (UAV) with nonlinear geometric tracking controller is introduced to test our approach. In the geometric controller, two attitude gains must be provided appropriately to achieve stable error dynamics. To ease the difficulties while optimizing the controller performances, such as minimizing tracking error together with reducing control energy, we made Reinforcement Learning (RL) agents to substitute the entire gain tuning process. By training the RL agents with multiple quad-rotor configurations, we were not only able to reduce our efforts putting into the gain tuning by the trial-and-error methods, but also able to deal with the parameter changes by constructing an adaptive structure.",
	issn="2093-2480",
	doi="10.1007/s42405-019-00233-x",
	url="https://doi.org/10.1007/s42405-019-00233-x"
}

@article{manuvresGeometric,
	title={Geometric Adaptive Tracking Control of a Quadrotor Unmanned Aerial Vehicle on SE(3) for Agile Maneuvers},
	volume={137},
	ISSN={1528-9028},
	url={http://dx.doi.org/10.1115/1.4030419},
	DOI={10.1115/1.4030419},
	number={9},
	journal={Journal of Dynamic Systems, Measurement, and Control},
	publisher={ASME International},
	author={Goodarzi, Farhad A. and Lee, Daewon and Lee, Taeyoung},
	year={2015},
	month={Jun}
}

@INPROCEEDINGS{movingMass1,
	author={T. Haus and M. Orsag and S. Bogdan},
	booktitle={2016 International Conference on Unmanned Aircraft Systems (ICUAS)},
	title={Design considerations for a large quadrotor with moving mass control},
	year={2016},
	volume={},
	number={},
	pages={1327-1334},
	keywords={autonomous aerial vehicles;helicopters;internal combustion engines;mobile robots;sensitivity analysis;stability;telerobotics;quadrotor;moving mass control;heavy lift multirotor platform;two stroke internal combustion engines;center of gravity;stability;sensitivity analysis;Gazebo;CoG;UAV;unmanned aerial vehicle;Rotors;Vehicles;Vehicle dynamics;Robots;Attitude control;Engines;DC motors},
	doi={10.1109/ICUAS.2016.7502680},
	ISSN={},
	month={June},}


@book{LeeModel,
	title =     {Global formulations of Lagrangian and Hamiltonian dynamics on manifolds : a geometric approach to modeling and analysis},
	author =    {Lee, Taeyoung and Leok, Melvin and McClamroch, N. Harris},
	publisher = {Springer},
	isbn =      { 978-3-319-56953-6,3319569538,978-3-319-56951-2 },
	year =      {2018},
	series =    {Interaction of mechanics and mathematics series},
	edition =   {},
	volume =    {}
}

@ARTICLE{LeeClanak1,
	author = {{Lee}, T. and {Leok}, M. and {Harris McClamroch}, N.},
	title = "{Control of Complex Maneuvers for a Quadrotor UAV using Geometric Methods on SE(3)}",
	journal = {ArXiv e-prints},
	archivePrefix = "arXiv",
	eprint = {1003.2005},
	primaryClass = "math.OC",
	keywords = {Mathematics - Optimization and Control, Computer Science - Systems and Control},
	year = 2010,
	month = mar,
	adsurl = {http://adsabs.harvard.edu/abs/2010arXiv1003.2005L},
	adsnote = {Provided by the SAO/NASA Astrophysics Data System}
}

@INPROCEEDINGS{LeeClanak2,
	author={T. Fernando and J. Chandiramani and T. Lee and H. Gutierrez},
	booktitle={2011 50th IEEE Conference on Decision and Control and European Control Conference},
	title={Robust adaptive geometric tracking controls on SO(3) with an application to the attitude dynamics of a quadrotor UAV},
	year={2011},
	volume={},
	number={},
	pages={7380-7385},
	keywords={adaptive control;asymptotic stability;attitude control;autonomous aerial vehicles;matrix algebra;robust control;robust adaptive geometric tracking control;attitude dynamics;quadrotor UAV;orthogonal group;attitude representation;Euler angle;adaptive law;attitude command;inertia matrix;tracking error;unstructured disturbance;Attitude control;Control systems;Robustness;Adaptive systems;Vectors;Manifolds;Angular velocity},
	doi={10.1109/CDC.2011.6161306},
	ISSN={0191-2216},
	month={Dec},}


@ARTICLE{LeeClanak3,
	author = {{Lee}, T. and {Leok}, M. and {Harris McClamroch}, N.},
	title = "{Nonlinear Robust Tracking Control of a Quadrotor UAV on SE(3)}",
	journal = {ArXiv e-prints},
	archivePrefix = "arXiv",
	eprint = {1109.4457},
	primaryClass = "math.OC",
	keywords = {Mathematics - Optimization and Control, Computer Science - Systems and Control},
	year = 2011,
	month = sep,
	adsurl = {http://adsabs.harvard.edu/abs/2011arXiv1109.4457L},
	adsnote = {Provided by the SAO/NASA Astrophysics Data System}
}

@INPROCEEDINGS{LeeClanak4,
	author={T. Lee and M. Leok and N. H. McClamroch},
	booktitle={49th IEEE Conference on Decision and Control (CDC)},
	title={Geometric tracking control of a quadrotor UAV on SE(3)},
	year={2010},
	volume={},
	number={},
	pages={5420-5425},
	keywords={aircraft control;nonlinear control systems;remotely operated vehicles;tracking;geometric tracking control;quadrotor unmanned aerial vehicle;rotor thrust;asymptotic tracking;vehicle body-fixed axis;quadrotor UAV rigid body dynamics;nonlinear tracking controller;special Euclidean group;closed loop property;Unmanned aerial vehicles;Stability analysis;Attitude control;Asymptotic stability;Propellers;Trajectory;Rotors},
	doi={10.1109/CDC.2010.5717652},
	ISSN={0191-2216},
	month={Dec},
}

@misc{gitLink,
	title = {mmuav gazebo},
	year = {2018},
	publisher = {GitHub},
	journal = {GitHub repository},
	howpublished = {\url{https://github.com/larics/mmuav_gazebo/tree/geometry_control}},
	commit = {000bd1ed29014da961efbf925b7ffdf3adf4c053}
}

@book{bulloBook,
	title =     {Geometric control of mechanical systems: modeling, analysis, and design for simple mechanical control systems},
	author =    {Francesco Bullo, Andrew D. Lewis},
	publisher = {Springer},
	isbn =      {0387221956,9780387221953},
	year =      {2005},
	series =    {Texts in applied mathematics 49},
	edition =   {1},
	volume =    {},
}

@phdthesis{uavModel,
	author = {Shirsat, Aniket},
	year = {2015},
	month = {06},
	pages = {},
	title = {Modeling and Control of a Quadrotor UAV},
	doi = {10.13140/RG.2.1.4777.4882}
}

@inproceedings{Lee2008ComputationalGM,
	title={Computational geometric mechanics and control of rigid bodies},
	author={Taeyoung Lee},
	year={2008}
}

@article{LeePassive,
	doi = {10.3182/20080706-5-kr-1001.00736},
	url = {https://doi.org/10.3182/20080706-5-kr-1001.00736},
	year = {2008},
	publisher = {Elsevier {BV}},
	volume = {41},
	number = {2},
	pages = {4367--4373},
	author = {Dongjun Lee},
	title = {Passive Decomposition of Multiple Nonholonomic Mechanical Systems under Motion Coordination Requirements},
	journal = {{IFAC} Proceedings Volumes}
}

@article{passive8,
	author = {Li, Perry and Horowitz, Roberto},
	year = {2001},
	month = {10},
	pages = {1346 - 1359},
	title = {Passive velocity field control (PVFC). Part I. Geometry and robustness},
	volume = {46},
	journal = {Automatic Control, IEEE Transactions on},
	doi = {10.1109/9.948463}
}

@article{passive12,
	doi = {10.1002/(sici)1097-4563(199701)14:1<37::aid-rob4>3.0.co;2-v},
	url = {https://doi.org/10.1002/(sici)1097-4563(199701)14:1<37::aid-rob4>3.0.co;2-v},
	year = {1997},
	month = jan,
	publisher = {Wiley},
	volume = {14},
	number = {1},
	pages = {37--47},
	author = {J. Edward Colgate and Gerd G. Schenkel},
	title = {Passivity of a class of sampled-data systems: Application to haptic interfaces},
	journal = {Journal of Robotic Systems}
}

  
@book{holonomic,
	author = {Murray, Richard M. and Sastry, S. Shankar and Zexiang, Li},
	title = {A  Mathematical Introduction to Robotic Manipulation},
	year = {1994},
	isbn = {0849379814},
	publisher = {CRC Press, Inc.},
	address = {USA},
	edition = {1st}
}

@book{passive5,
	author = {Stramigioli, Stefano},
	year = {2001},
	month = {01},
	pages = {},
	title = {Modeling and IPC Control of Interactive Mechanical Systems - A Coordinate-Free Approach}
}

@article{passive6,
	doi = {10.1115/1.2899237},
	url = {https://doi.org/10.1115/1.2899237},
	year = {1994},
	month = sep,
	publisher = {{ASME} International},
	volume = {116},
	number = {3},
	pages = {419--428},
	author = {J. E. Colgate},
	title = {Coupled Stability of Multiport Systems{\textemdash}Theory and Experiments},
	journal = {Journal of Dynamic Systems,  Measurement,  and Control}
}

@book{jurdjevic_1996, place={Cambridge}, series={Cambridge Studies in Advanced Mathematics}, title={Geometric Control Theory}, DOI={10.1017/CBO9780511530036}, publisher={Cambridge University Press}, author={Jurdjevic, Velimir}, year={1996}, collection={Cambridge Studies in Advanced Mathematics}}

@article{bloch,
	author = {Bloch, Am and Brogliato, B.},
	year = {2004},
	month = {01},
	pages = {3-},
	title = {Nonholonomic Mechanics and Control},
	volume = {57},
	journal = {Applied Mechanics Reviews},
	doi = {10.1115/1.1641775}
}

@article{hamel2002quad,
	title = "Dynamic modelling and configuration stabilization for an X4-flyer",
	journal = "IFAC Proceedings Volumes",
	volume = "35",
	number = "1",
	pages = "217 - 222",
	year = "2002",
	note = "15th IFAC World Congress",
	issn = "1474-6670",
	doi = "https://doi.org/10.3182/20020721-6-ES-1901.00848",
	url = "http://www.sciencedirect.com/science/article/pii/S1474667015392697",
	author = "Tarek Hamel and Robert Mahony and Rogelio Lozano and James Ostrowski",
	keywords = "Mobile Robots",
	keywords = "Unmanned Aerial Vehicle (UAV)",
	keywords = "control Lyapunov function"
}

@INPROCEEDINGS{Kumar,
	author={D. Mellinger and V. Kumar},
	booktitle={2011 IEEE International Conference on Robotics and Automation},
	title={Minimum snap trajectory generation and control for quadrotors},
	year={2011},
	volume={},
	number={},
	pages={2520-2525},
	keywords={aircraft control;mobile robots;nonlinear control systems;position control;remotely operated vehicles;minimum snap trajectory generation;quadrotor control;controller design;3D positions;yaw angles;nonlinear controller;trajectory tracking;three-dimensional slalom courses;Trajectory;Angular velocity;Acceleration;Rotors;Aerodynamics;Force;Optimization},
	doi={10.1109/ICRA.2011.5980409},
	ISSN={1050-4729},
	month={May},}

@article{euler,
	author = {Diebel, James},
	year = {2006},
	month = {01},
	pages = {},
	title = {Representing Attitude: Euler Angles, Unit Quaternions, and Rotation Vectors},
	volume = {58},
	journal = {Matrix}
}

@INPROCEEDINGS{cable-load1,
	author={K. {Sreenath} and T. {Lee} and V. {Kumar}},
	booktitle={52nd IEEE Conference on Decision and Control},
	title={Geometric control and differential flatness of a quadrotor UAV with a cable-suspended load},
	year={2013},
	volume={},
	number={},
	pages={2269-2274},
	keywords={attitude control;autonomous aerial vehicles;cables (mechanical);closed loop systems;control system synthesis;geometry;mobile robots;nonlinear control systems;position control;robot dynamics;rotors;stability;nonlinear geometric control design;differential flatness;quadrotor UAV;cable-suspended load;underactuation;coordinate-free dynamic model;configuration space;quadrotor-load system;differentially-flat hybrid system;load position;quadrotor yaw;output tracking;quadrotor attitude;load attitude;closed-loop system;almost-global properties;stability proofs;unmanned aerial vehicles;Trajectory;Attitude control;Load modeling;Control theory;Stability;Control design;Vectors},
	doi={10.1109/CDC.2013.6760219},
	ISSN={0191-2216},
	month={Dec},}

@inproceedings{cable-load-multiple,
	title={Stabilization of a Rigid Body Payload with Multiple Cooperative Quadrotors},
	author={Farhad A. Goodarzi and Taeyoung Lee},
	year={2015}
}

@article{Lee2014GeometricCO,
	title={Geometric control of multiple quadrotor UAVs transporting a cable-suspended rigid body},
	author={Taeyoung Lee},
	journal={53rd IEEE Conference on Decision and Control},
	year={2014},
	pages={6155-6160}
}

@misc{tethered-quadrotor,
	title={Geometric Controls for a Tethered Quadrotor UAV},
	author={Taeyoung Lee},
	year={2015},
	eprint={1509.02570},
	archivePrefix={arXiv},
	primaryClass={math.OC}
}

@article{flexible-cable,
	title={Geometric control of a quadrotor UAV transporting a payload connected via flexible cable},
	volume={13},
	ISSN={2005-4092},
	url={http://dx.doi.org/10.1007/s12555-014-0304-0},
	DOI={10.1007/s12555-014-0304-0},
	number={6},
	journal={International Journal of Control, Automation and Systems},
	publisher={Springer Science and Business Media LLC},
	author={Goodarzi, Farhad A. and Lee, Daewon and Lee, Taeyoung},
	year={2015},
	month={Sep},
	pages={1486–1498}
}

@article{flexible-cable-dynamics,
	title={Dynamics and control of quadrotor UAVs transporting a rigid body connected via flexible cables},
	author={Farhad A. Goodarzi and Taeyoung Lee},
	journal={2015 American Control Conference (ACC)},
	year={2015},
	pages={4677-4682}
}

@inproceedings{rigid-body-transport,
	title={Geometric Adaptive Control for Aerial Transportation of a Rigid Body},
	author={Taeyoung Lee},
	year={2015}
}

@INPROCEEDINGS{unknown-mass-transport,
	author={S. {Dai} and T. {Lee} and D. S. {Bernstein}},
	booktitle={53rd IEEE Conference on Decision and Control},
	title={Adaptive control of a quadrotor UAV transporting a cable-suspended load with unknown mass},
	year={2014},
	volume={},
	number={},
	pages={6149-6154},
	keywords={adaptive control;autonomous aerial vehicles;cables (mechanical);helicopters;nonlinear control systems;PD control;vehicle dynamics;adaptive control;quadrotor UAV;cable-suspended load transportation;unknown mass;point-mass payload;flexible cable;serially-connected rigid links;arbitrary initial condition;fixed-gain nonlinear proportional-derivative controller;nominal payload mass;retrospective cost adaptive controller;payload mass uncertainty;Payloads;PD control;Trajectory;Attitude control;Mathematical model;Vectors;Load modeling},
	doi={10.1109/CDC.2014.7040352},
	ISSN={0191-2216},
	month={Dec},}

@misc{stabilization-flexible-cable,
	title={Geometric Stabilization of Quadrotor UAV with a Payload Connected by Flexible Cable},
	author={Farhad A. Goodarzi and Daewon Lee and Taeyoung Lee},
	year={2013},
	eprint={1309.6717},
	archivePrefix={arXiv},
	primaryClass={math.OC}
}

@article{optimal-attitude-so3,
	author = {Lee, Taeyoung and Leok, Melvin and Mcclamroch, N.H.},
	year = {2008},
	month = {10},
	pages = {465-487},
	title = {Optimal Attitude Control of a Rigid Body Using Geometrically Exact Computations on SO(3)},
	volume = {14},
	journal = {Journal of Dynamical and Control Systems},
	doi = {10.1007/s10883-008-9047-7}
}

@article{optimal-attitude-se3,
	author = {Lee, Taeyoung and Mcclamroch, N.H. and Leok, Melvin},
	year = {2006},
	month = {03},
	pages = {},
	title = {Optimal Control of a Rigid Body using Geometrically Exact Computations on SE(3)},
	journal = {Proceedings of the IEEE Conference on Decision and Control},
	doi = {10.1109/CDC.2006.376687}
}

@INPROCEEDINGS{optimal-attitude-control,
	author={T. {Lee} and M. {Leok} and N. H. {McClamroch}},
	booktitle={2008 American Control Conference},
	title={Time optimal attitude control for a rigid body},
	year={2008},
	volume={},
	number={},
	pages={5210-5215},
	keywords={aerospace control;attitude control;discrete time systems;Lie groups;space vehicles;time optimal control;time optimal attitude control;rigid body;angular velocity;rotation matrices;Euler angles;compact vector equations;discrete-time control method;geometric numerical integrator;Lie group variational integrator;Optimal control;Attitude control;Aerodynamics;Quaternions;Equations;Angular velocity;Space vehicles;Space missions;Angular velocity control;Engine cylinders},
	doi={10.1109/ACC.2008.4587322},
	ISSN={2378-5861},
	month={June},}

@article{passive-decomp-quadrotor-with-robotic-manip,
	title={Dynamics and control of quadrotor with robotic manipulator},
	author={Hyunsoo Yang and Dongjun Lee},
	journal={2014 IEEE International Conference on Robotics and Automation (ICRA)},
	year={2014},
	pages={5544-5549}
}

@article{passivity-based-formation-load,
	title = "Passivity-based Formation Control for UAVs with a Suspended Load",
	journal = "IFAC-PapersOnLine",
	volume = "50",
	number = "1",
	pages = "13150 - 13155",
	year = "2017",
	note = "20th IFAC World Congress",
	issn = "2405-8963",
	doi = "https://doi.org/10.1016/j.ifacol.2017.08.2169",
	url = "http://www.sciencedirect.com/science/article/pii/S2405896317328380",
	author = "Chris Meissen and Kristian Klausen and Murat Arcak and Thor I. Fossen and Andrew Packard",
	keywords = "Coordination of multiple vehicle systems, Passivity-based control, Control of interconnected systems, UAVs",
	abstract = "This paper presents a passivity based formation control strategy for multiple unmanned aerial vehicles (UAVs) cooperatively carrying a suspended load. The control strategy we propose consists of an internal feedback control law for each UAV and a formation control law that regulates the relative position between each UAV. We show that under this control strategy the interconnected system has a continuum of equilibria and prove stability for all equilibrium points where the cables supporting the suspended load are in tension."
}

@ARTICLE{passive-decomp-mechanical-coord-req,
	author={D. {Lee} and P. Y. {Li}},
	journal={IEEE Transactions on Automatic Control},
	title={Passive Decomposition of Mechanical Systems With Coordination Requirement},
	year={2013},
	volume={58},
	number={1},
	pages={230-235},
	keywords={dynamics;manifolds;passive decomposition property;general mechanical systems;manifold;Lagrangian dynamics;kinetic energy;shape system;locked system;energetically-conservative coupling;Lagrangian structure;geometric properties;energetic properties;coordination requirement;Shape;Total quality management;Manifolds;Grasping;Couplings;Mechanical systems;Aerodynamics;Coordination;decomposition;differential geometry;Lagrangian systems;passivity},
	doi={10.1109/TAC.2012.2203062},
	ISSN={2334-3303},
	month={Jan},}

@ARTICLE{passive-variable-impedance-compliant,
	author={E. {Spyrakos-Papastavridis} and P. R. N. {Childs} and J. S. {Dai}},
	journal={IEEE/ASME Transactions on Mechatronics},
	title={Passivity Preservation for Variable Impedance Control of Compliant Robots},
	year={2019},
	volume={},
	number={},
	pages={1-1},
	keywords={},
	doi={10.1109/TMECH.2019.2961478},
	ISSN={1941-014X},
	month={},}

@article{max-wrench-min-energy,
	title = "Comparison of design approaches of fully actuated aerial robots based on maximum wrench generation and minimum energy consumption",
	journal = "IFAC-PapersOnLine",
	volume = "52",
	number = "15",
	pages = "603 - 608",
	year = "2019",
	note = "8th IFAC Symposium on Mechatronic Systems MECHATRONICS 2019",
	issn = "2405-8963",
	doi = "https://doi.org/10.1016/j.ifacol.2019.11.742",
	url = "http://www.sciencedirect.com/science/article/pii/S2405896319317379",
	author = "Micha Schuster and David Bernstein and Chao Yao and Klaus Janscheck and Michael Beitelschmidt",
	keywords = "fully actuated, aerial robot, design optimization, modeling, ernergy efficiency, hexacopter",
	abstract = "In this paper we present the comparison of two different approaches for designing the rotor tilt angles of a fully actuated aerial robot. A common approach is based on maximizing the forces and torques the robot can generate. To determine the tilt angles, simple knowledge of the maximum required wrench is necessary. Another approach focuses on following an a priori defined trajectory with minimum energy consumption, taking advantage of the nonlinear power-thrust characteristic of a real propeller. For this purpose, complex knowledge of the complete trajectory is necessary, especially for rotors with fixed orientation. Both approaches are systematically analyzed and compared with regard to energy saving potential of the energy based approach, depending on the chosen wrench trajectory. The energy based approach can be powerful for robots with in-flight adjustable rotors."
}

@phdthesis{quadrotor-itneraction-environment,
	TITLE = {{Algorithms for estimation and control of quadrotors in physical interaction with their environment}},
	AUTHOR = {Delamare, Quentin},
	URL = {https://tel.archives-ouvertes.fr/tel-02410023},
	SCHOOL = {{Univ Rennes, Inria, CNRS, IRISA, France}},
	YEAR = {2019},
	MONTH = Dec,
	KEYWORDS = {aerial robotics ; locomotion ; trajectory planning ; robust control ; mechatronic design ; conception m{\'e}catronique ; commande robuste ; planification de trajectoires ; robotique a{\'e}rienne ; locomotion},
	TYPE = {Theses},
	PDF = {https://tel.archives-ouvertes.fr/tel-02410023/file/final_qdelamare_reduced.pdf},
	HAL_ID = {tel-02410023},
	HAL_VERSION = {v1},
}

@article{passivity-based-aerial-interaction,
	doi = {10.1177/0278364919835605},
	url = {https://doi.org/10.1177/0278364919835605},
	year = {2019},
	month = mar,
	publisher = {{SAGE} Publications},
	volume = {38},
	number = {4},
	pages = {403--421},
	author = {Burak Y\"{u}ksel and Cristian Secchi and Heinrich H. B\"{u}lthoff and Antonio Franchi},
	title = {Aerial physical interaction via {IDA}-{PBC}},
	journal = {The International Journal of Robotics Research}
}

@INPROCEEDINGS{passivity-based-payload-minimum-swing,
	author={M. E. {Guerrero} and D. A. {Mercado} and R. {Lozano} and C. D. {García}},
	booktitle={2015 54th IEEE Conference on Decision and Control (CDC)},
	title={Passivity based control for a quadrotor UAV transporting a cable-suspended payload with minimum swing},
	year={2015},
	volume={},
	number={},
	pages={6718-6723},
	keywords={autonomous aerial vehicles;cables (mechanical);helicopters;robot dynamics;suspensions (mechanical components);trajectory control;vehicle dynamics;quadrotor UAV;cable-suspended payload transport;minimum swing suppression;mathematical model;underactuated mechanical system;unmanned aerial vehicle;Euler-Lagrange formulation;interconnection-and-damping assignment-passivity based control;IDA-PBC;Payloads;Mathematical model;Damping;Vehicle dynamics;Load modeling;Potential energy;Kinetic energy},
	doi={10.1109/CDC.2015.7403277},
	ISSN={null},
	month={Dec},}

@article{passivity-attitude-sync,
	doi = {10.1109/tcst.2009.2014357},
	url = {https://doi.org/10.1109/tcst.2009.2014357},
	year = {2009},
	month = sep,
	publisher = {Institute of Electrical and Electronics Engineers ({IEEE})},
	volume = {17},
	number = {5},
	pages = {1119--1134},
	author = {Y. Igarashi and T. Hatanaka and M. Fujita and M.W. Spong},
	title = {Passivity-Based Attitude Synchronization in {\textdollar}{SE}(3){\textdollar}},
	journal = {{IEEE} Transactions on Control Systems Technology}
}

@INPROCEEDINGS{cooperative-control-quadrotor,
	author={H. {Yang} and D. {Lee}},
	booktitle={2015 IEEE International Conference on Robotics and Automation (ICRA)},
	title={Hierarchical cooperative control framework of multiple quadrotor-manipulator systems},
	year={2015},
	volume={},
	number={},
	pages={4656-4662},
	keywords={aircraft control;cooperative systems;elastic constants;force control;helicopters;manipulator dynamics;mobile robots;multi-robot systems;hierarchical cooperative control framework;multiple cooperative quadrotor-manipulator systems;user-specified desired behavior;object desired behavior design;optimal cooperative force distribution;individual quadrotor-manipulator control;object stiffness model;quadrotor-platform dynamics characteristics;object transport;compliant interaction;Force;Manipulator dynamics;Dynamics;Force control;Vehicle dynamics;Mathematical model},
	doi={10.1109/ICRA.2015.7139844},
	ISSN={1050-4729},
	month={May},}

@INPROCEEDINGS{group-teleoperation,
	author={P. {Robuffo Giordano} and A. {Franchi} and C. {Secchi} and H. H. {Bülthoff}},
	booktitle={2011 IEEE/RSJ International Conference on Intelligent Robots and Systems},
	title={Experiments of passivity-based bilateral aerial teleoperation of a group of UAVs with decentralized velocity synchronization},
	year={2011},
	volume={},
	number={},
	pages={163-170},
	keywords={Force;Humans;Synchronization;Damping;Frequency modulation;Steady-state;Robots},
	doi={10.1109/IROS.2011.6094895},
	ISSN={2153-0858},
	month={Sep.},}

@ARTICLE{haptic-teleoperation-uav,
	author={D. {Lee} and A. {Franchi} and H. I. {Son} and C. {Ha} and H. H. {Bülthoff} and P. R. {Giordano}},
	journal={IEEE/ASME Transactions on Mechatronics},
	title={Semiautonomous Haptic Teleoperation Control Architecture of Multiple Unmanned Aerial Vehicles},
	year={2013},
	volume={18},
	number={4},
	pages={1334-1345},
	keywords={autonomous aerial vehicles;collision avoidance;haptic interfaces;multiple unmanned aerial vehicles;novel semiautonomous haptic teleoperation control architecture;UAV control layer;kinematic Cartesian virtual point;VP control layer;teleoperation commands;local artificial potentials;VP-VP connectivity preservation;VP-VP/VP-obstacle collision avoidance;teleoperation layer;single remote human user;asymptotic performance measures;custom-built quadrotor-type UAV;Haptic interfaces;Kinematics;Attitude control;Sensors;Vehicle dynamics;Trajectory;Shape;Haptic feedback;multiagent control;passivity;teleoperation;unmanned aerial vehicles (UAVs)},
	doi={10.1109/TMECH.2013.2263963},
	ISSN={1941-014X},
	month={Aug},}

@INPROCEEDINGS{passivity-based-crop,
	author={J. A. {Sarapura} and F. {Roberti} and R. {Carelli} and J. M. {Sebastián}},
	booktitle={2017 XVII Workshop on Information Processing and Control (RPIC)},
	title={Passivity based visual servoing of a UAV for tracking crop lines},
	year={2017},
	volume={},
	number={},
	pages={1-6},
	keywords={agriculture;autonomous aerial vehicles;crops;mobile robots;position control;remotely operated vehicles;robot vision;stability;visual servoing;passivity based visual servoing;UAV;crop lines;autonomous flight;surveillance;inspection;crop areas;autonomous navigation;structured crops;passivity properties;input-output theory;Agriculture;Motion pictures;Visual servoing;Electronic mail;Robustness;Global Positioning System;visual servoing;UAV;passivity;line tracking},
	doi={10.23919/RPIC.2017.8214320},
	ISSN={null},
	month={Sep.},}

@INPROCEEDINGS{payload-and-human,
	author={P. {Prajapati} and S. {Parekh} and V. {Vashista}},
	booktitle={2019 28th IEEE International Conference on Robot and Human Interactive Communication (RO-MAN)},
	title={Collaborative Transportation of Cable-Suspended Payload using Two Quadcopters with Human in the loop},
	year={2019},
	volume={},
	number={},
	pages={1-6},
	keywords={},
	doi={10.1109/RO-MAN46459.2019.8956380},
	ISSN={1944-9445},
	month={Oct},}

@proceedings{door-opening,
	author = {McArthur, Daniel R. and Chowdhury, Arindam B. and Cappelleri, David J.},
	title = "{Autonomous Door Opening With the Interacting-BoomCopter UAV}",
	volume = {Volume 5A: 43rd Mechanisms and Robotics Conference},
	series = {International Design Engineering Technical Conferences and Computers and Information in Engineering Conference},
	year = {2019},
	month = {08},
	abstract = "{This paper presents the design of a light-weight, compliant end-effector and an image processing strategy that together enable the Interacting-BoomCopter (I-BC) unmanned aerial vehicle (UAV) to perform an autonomous door opening task. Autonomy is achieved through the use of feedback from an on-board camera for door detection \\&amp; localization, and embedded force and distance sensors in the end-effector for detecting the physical interaction with the door. The results of several experimental flight tests are presented in which the end-effector and image processing strategy were deployed on the I-BC to successfully open a small enclosure door autonomously.}",
	doi = {10.1115/DETC2019-97397},
	url = {https://doi.org/10.1115/DETC2019-97397},
	note = {V05AT07A045},
	eprint = {https://asmedigitalcollection.asme.org/IDETC-CIE/proceedings-pdf/IDETC-CIE2019/59230/V05AT07A045/6453552/v05at07a045-detc2019-97397.pdf},
}

@article{decoupled-aerial-manipulation, 
	title={Decoupled Cascaded PID Control of an Aerial Manipulation System}, volume={6}, url={https://www.hjse.hitit.edu.tr/hjse/index.php/HJSE/article/view/403}, number={4}, journal={Hittite Journal of Science and Engineering}, author={Bulut, Nebi and Turgut, Ali and Arikan, Kutluk}, year={2019}, month={Dec.}, pages={251-259}}

@article{passivity-backstepping,
title = "Passivity-based adaptive backstepping control of quadrotor-type UAVs",
journal = "Robotics and Autonomous Systems",
volume = "62",
number = "9",
pages = "1305 - 1315",
year = "2014",
note = "Intelligent Autonomous Systems",
issn = "0921-8890",
doi = "https://doi.org/10.1016/j.robot.2014.03.019",
url = "http://www.sciencedirect.com/science/article/pii/S0921889014000633",
author = "ChangSu Ha and Zhiyuan Zuo and Francis B. Choi and Dongjun Lee",
keywords = "Adaptive control, Backstepping, Internet, Passivity, Quadrotors, Teleoperation",
abstract = "We propose a novel unified passivity-based adaptive backstepping control framework for “mixed” quadrotor-type unmanned aerial vehicles (UAVs), which consists of the translation dynamics with thrust force input λ∈ℜ and the attitude kinematics with the angular velocity input w∈ℜ3 evolving on SE(3). We also show how our proposed unified framework can be used for velocity field following, timed trajectory tracking and haptic interaction over the Internet, while also providing a complete stability (or collision avoidance) analysis. Experiments using a real quadrotor and lossy communication (for the teleoperation) are also performed to illustrate the theory."
}

@ARTICLE{passivity-based-physical-interaction,
	author={R. {Rashad} and F. {Califano} and S. {Stramigioli}},
	journal={IEEE Robotics and Automation Letters},
	title={Port-Hamiltonian Passivity-Based Control on SE(3) of a Fully Actuated UAV for Aerial Physical Interaction Near-Hovering},
	year={2019},
	volume={4},
	number={4},
	pages={4378-4385},
	keywords={actuators;autonomous aerial vehicles;closed loop systems;control system synthesis;nonlinear control systems;position control;stability;input saturation;actuator limits;control system;contact stability;free-flight stability;closed-loop system;energy-balancing passivity-based control technique;impedance controller;near-hovering motion;special Euclidean group SE;floating rigid body;geometric port-Hamiltonian framework;fully-actuated UAVs;aerial physical interaction near-hovering;port-Hamiltonian passivity-based control;Unmanned aerial vehicles;Propellers;Rotors;Impedance;Algebra;Manipulators;Compliance and Impedance Control;Motion Control;Port-Hamiltonian;UAV},
	doi={10.1109/LRA.2019.2932864},
	ISSN={2377-3774},
	month={Oct},}