@misc{MORUSweb,
  title = {MORUS project},
  howpublished = {\url{http://www.fer.unizg.hr/morus}},
  note = {Accessed: 2017-09-08}
}

@article{Allison1997MidRanging,
author = {Allison, Bruce J. and Isaksson, Alf J.},
doi = {10.1016/S1474-6670(17)43202-2},
issn = {14746670},
journal = {IFAC Proceedings Volumes},
number = {9},
pages = {523--528},
title = {{Design and Performance of Mid-Ranging Controllers}},
url = {http://linkinghub.elsevier.com/retrieve/pii/S1474667017432022},
volume = {30},
year = {1997}
}

@article{Allison2003MidRanging,
author = {Allison, Bruce J. and Ogawa, Shiro},
doi = {10.1191/0142331203tm072oa},
issn = {14770369},
journal = {Transactions of the Institute of Measurement and Control},
keywords = {consistency,controller,design,position,pressure,valves},
mendeley-groups = {Mid-ranging control},
number = {1},
pages = {3--16},
title = {{Design and tuning of valve position controllers with industrial applications}},
url = {http://tim.sagepub.com/cgi/doi/10.1191/0142331203tm072oa},
volume = {25},
year = {2003}
}

@article{Sornmo2013AdaptiveImc,
author = {Sornmo, Olof and Olofsson, Bjorn and Robertsson, Anders and Johansson, Rolf},
doi = {10.1109/IROS.2013.6697062},
isbn = {9781467363587},
issn = {21530858},
journal = {IEEE International Conference on Intelligent Robots and Systems},
mendeley-groups = {Mid-ranging control},
pages = {4893--4899},
title = {{Adaptive internal model control for mid-ranging of closed-loop systems with internal saturation}},
year = {2013}
}

@INPROCEEDINGS{Ma2015MidRanging,
author={Z. Ma and G. S. Hong and M. H. Ang and A. N. Poo},
booktitle={2015 IEEE International Conference on Advanced Intelligent Mechatronics (AIM)},
title={Mid-ranging control of a macro/mini manipulator},
year={2015},
pages={755-760},
keywords={industrial manipulators;position control;valves;VPC;macromanipulator;mid-ranging control;minimanipulator;valve position control;Manipulator dynamics;PD control;Steady-state;Transfer functions;Valves},
doi={10.1109/AIM.2015.7222628},
ISSN={2159-6247},
month={July},}

@INPROCEEDINGS{Morus2017Icuas,
author={T. Haus and M. Orsag and S. Bogdan},
booktitle={2017 International Conference on Unmanned Aircraft Systems (ICUAS)},
title={A concept of a non-tilting multirotor-UAV based on moving mass control},
year={2017},
pages={1618-1624},
keywords={autonomous aerial vehicles;control system synthesis;nonlinear differential equations;spatial variables control;state-space methods;Gazebo simulator;ICE;body center;control system design;internal combustion engines;moving mass control;multirotor unmanned aerial vehicle;nonlinear differential equations;nontilting multirotor-UAV;state space controller;Engines;Mathematical model;Rotors;Transfer functions;Unmanned aerial vehicles;Vehicle dynamics;Zirconium},
doi={10.1109/ICUAS.2017.7991450},
month={June},}

@INPROCEEDINGS{pixhawk, 
author={L. Meier and P. Tanskanen and F. Fraundorfer and M. Pollefeys}, 
booktitle={2011 IEEE International Conference on Robotics and Automation}, 
title={PIXHAWK: A system for autonomous flight using onboard computer vision}, 
year={2011}, 
pages={2992-2997}, 
keywords={Global Positioning System;aerospace components;aerospace robotics;computer vision;mobile robots;optimisation;GPS;MAV;autonomous flight;image hub;microair vehicles;miniature rotary wing;obstacle avoidance;onboard computer vision;onboard image processing;optimization;pattern recognition;Cameras;Computer vision;Kalman filters;Pipelines;Protocols;Universal Serial Bus;Vehicles}, 
doi={10.1109/ICRA.2011.5980229}, 
ISSN={1050-4729}, 
month={May},}

@misc{uMORUS2017video,
 authors   = "Larics Team",
 title     = "Laboratory for Robotics and Intelligent Control Systems YouTube channel",
 howpublished = {\url{https://goo.gl/1PWUJ2}}
}

@Inbook{Furrer2016,
author="Furrer, Fadri
and Burri, Michael
and Achtelik, Markus
and Siegwart, Roland",
editor="Koubaa, Anis",
chapter="RotorS---A Modular Gazebo MAV Simulator Framework",
title="Robot Operating System (ROS): The Complete Reference (Volume 1)",
year="2016",
publisher="Springer International Publishing",
address="Cham",
pages="595--625",
isbn="978-3-319-26054-9",
doi="10.1007/978-3-319-26054-9_23",
url="http://dx.doi.org/10.1007/978-3-319-26054-9_23"
}

@INPROCEEDINGS{2012simpar_meyer,
  author = {Johannes Meyer and Alexander Sendobry and Stefan Kohlbrecher and Uwe Klingauf and Oskar von Stryk},
  title = {Comprehensive Simulation of Quadrotor UAVs using ROS and Gazebo},
  year = {2012},
  pages = {to appear},
  booktitle = {3rd Int. Conf. on Simulation, Modeling and Programming for Autonomous Robots (SIMPAR)},
}

@misc{letaci2017,
  title = {mmuav gazebo},
  year = {2018},
  publisher = {GitHub},
  journal = {GitHub repository},
  howpublished = {\url{https://github.com/larics/mmuav_gazebo}},
  commit = {d789ec0a935a5e378be1601c3c0d75a144cd22af}
}

@misc{letaciPixhawk2017,
  title = {px4-firmware},
  year = {2018},
  publisher = {GitHub},
  journal = {GitHub repository},
  howpublished = {\url{https://github.com/larics/px4-firmware}},
  commit = {87f51f85600c5e6d03e94829d06148a6537f303b}
}

@INPROCEEDINGS{haus2018med, 
author={T. Haus and A. Ivanovic and M. Car and M. Orsag and S. Bogdan}, 
booktitle={2018 26th Mediterranean Conference on Control and Automation (MED)}, 
title={Mid-ranging control concept for a multirotor UAV with moving masses}, 
year={2018}, 
volume={}, 
number={}, 
pages={}, 
keywords={}, 
doi={}, 
ISSN={}, 
month={June},}